<record><leader>00000cas a22000007a 4500</leader><controlfield tag="001">14921579</controlfield><controlfield tag="008">861204d19781979inuwr ne      0    0eng d</controlfield><datafield ind1=" " ind2=" " tag="010"><subfield code="a">sn 86059195 </subfield></datafield><datafield ind1=" " ind2=" " tag="040"><subfield code="a">NPI</subfield><subfield code="b">eng</subfield><subfield code="c">NPI</subfield><subfield code="d">OCLCQ</subfield></datafield><datafield ind1=" " ind2=" " tag="042"><subfield code="a">msc</subfield></datafield><datafield ind1="0" ind2=" " tag="130"><subfield code="a">Newton gazette (Kentland, Ind.)</subfield></datafield><datafield ind1="1" ind2="4" tag="245"><subfield code="a">The Newton gazette.</subfield></datafield><datafield ind1=" " ind2=" " tag="260"><subfield code="a">Kentland, Ind. :</subfield><subfield code="b">John J. Yost,</subfield><subfield code="c">1978-1979.</subfield></datafield><datafield ind1=" " ind2=" " tag="310"><subfield code="a">Weekly</subfield></datafield><datafield ind1="0" ind2=" " tag="362"><subfield code="a">Vol. 1, no. 1 (Mar. 22, 1978)-v. 2, no. 28 (July 11, 1979).</subfield></datafield><datafield ind1=" " ind2=" " tag="752"><subfield code="a">United States</subfield><subfield code="b">Indiana</subfield><subfield code="c">Newton</subfield><subfield code="d">Kentland.</subfield></datafield><datafield ind1="0" ind2="4" tag="785"><subfield code="t">Newton County enterprise</subfield><subfield code="w">(DLC)sn 86059193</subfield></datafield></record>